<?xml version="1.0" encoding="UTF-8"?><collection xmlns="http://www.loc.gov/MARC21/slim"><record><leader>00502nam--2200181-i-4500</leader><controlfield tag="001">000030763</controlfield><controlfield tag="002">20161230</controlfield><controlfield tag="005">20161230201038</controlfield><controlfield tag="008">060222s1000------------r-----000-0-eng-d</controlfield><datafield ind1=" " ind2=" " tag="040"><subfield code="a">IFIN-HH</subfield></datafield><datafield ind1=" " ind2=" " tag="080"><subfield code="a">531.3</subfield></datafield><datafield ind1="1" ind2=" " tag="100"><subfield code="a">Mccuskey, S.W</subfield></datafield><datafield ind1="1" ind2="0" tag="245"><subfield code="a">An introduction to advanced dynamics</subfield><subfield code="c">S.W. McCuskey</subfield></datafield><datafield ind1=" " ind2=" " tag="260"><subfield code="a">Reading/Mass., Addison-wesley Publ.Co.Inc., 1962</subfield></datafield><datafield ind1=" " ind2=" " tag="300"><subfield code="a">VIII + 263P</subfield></datafield><datafield ind1=" " ind2=" " tag="490"><subfield code="a">Addison-wesley Series In Mechanics</subfield></datafield><datafield ind1=" " ind2=" " tag="852"><subfield code="a">27591</subfield><subfield code="c">531</subfield></datafield><datafield ind1=" " ind2=" " tag="CAT"><subfield code="a">Sys</subfield><subfield code="c">20100623</subfield><subfield code="h">121319</subfield></datafield></record></collection>